@inproceedings{reut,
  author    = {Guy Even and
               Reut Levi and
               Moti Medina and
               Adi Ros{\'{e}}n},
  title     = {Sublinear Random Access Generators for Preferential Attachment Graphs},
  booktitle = {44th International Colloquium on Automata, Languages, and Programming,
               {ICALP} 2017, July 10-14, 2017, Warsaw, Poland},
  pages     = {6:1--6:15},
  year      = {2017},
  url       = {https://doi.org/10.4230/LIPIcs.ICALP.2017.6},
  doi       = {10.4230/LIPIcs.ICALP.2017.6},
  timestamp = {Tue, 18 Jul 2017 10:55:27 +0200},
  biburl    = {http://dblp.uni-trier.de/rec/bib/conf/icalp/EvenLMR17},
  bibsource = {dblp computer science bibliography, http://dblp.org}
}

@article{huge,
  title={On the implementation of huge random objects},
  author={Goldreich, Oded and Goldwasser, Shafi and Nussboim, Asaf},
  journal={SIAM Journal on Computing},
  volume={39},
  number={7},
  pages={2761--2822},
  year={2010},
  publisher={SIAM}
}
